
@techreport{huff_next_2010,
	title = {Next Generation Fuel Cycle Simulator Functions and Requirements Document.},
	number = {fcrd-sysa-2010-000110},
	author = {Huff, Kathryn and Dixon, Brent},
	month = jul,
	year = {2010}
},

@misc{huff_cyclus:_2010,
	title = {Cyclus: A Nuclear Fuel Cycle Code from the University of Wisconsin Madison},
	url = {http://code.google.com/p/cyclus/},
	journal = {Cyclus: A Nuclear Fuel Cycle Code from the University of Wisconsin Madison},
	author = {Wilson, Paul P. H. and Huff, Kathryn D. and Gidden, Matthew},
	year = {2010},
	howpublished = {http://code.google.com/p/cyclus/}
},

@inproceedings{lisowski_global_2007,
	title = {Global Nuclear Energy Partnership},
	booktitle = {Global Nuclear Energy Partnership Annual Meeting},
	author = {Lisowski, P.},
	year = {2007}
},

@phdthesis{oliver_geniusv2:_2009,
	title = {{GENIUSv2:} software design and mathematical formulations for multi-region discrete nuclear fuel cycle simulation and analysis},
	shorttitle = {{GENIUSv2}},
	url = {http://cnerg.engr.wisc.edu/cgi-bin/index.cgi/attach_get/15/NEEP-MS-KyleOliver.pdf},
	school = {{UNIVERSITY} {OF} {WISCONSIN}},
	author = {Oliver, K. M},
	year = {2009}
}
